
@misc{pollard2019eicu,
  author = {Pollard, Tom and Johnson, Alistair and Raffa, J. and Celi, Leo Anthony and Badawi, Omar and Mark, Roger},
  title = {eICU collaborative research database (version 2.0)},
  year = {2019},
  howpublished = {PhysioNet},
  url = {https://doi.org/10.13026/C2WM1R}
}

@article{pollard2018eicu,
  author = {Pollard, Tom J. and Johnson, Alistair E.W. and Raffa, J.D. and Celi, Leo Anthony and Mark, Roger G. and Badawi, Omar},
  title = {The eICU Collaborative Research Database, a freely available multi-center database for critical care research},
  journal = {Scientific Data},
  year = {2018},
  volume = {5},
  pages = {180178},
  doi = {10.1038/sdata.2018.178}
}
